@article{Agashe:2014kda,
      author         = "Olive, K. A. and others",
      title          = "{Review of Particle Physics}",
      collaboration  = "Particle Data Group",
      journal        = "Chin. Phys.",
      volume         = "C38",
      year           = "2014",
      pages          = "090001",
      doi            = "10.1088/1674-1137/38/9/090001",
      SLACcitation   = "%%CITATION = CHPHD,C38,090001;%%"
}

@book{Voss:2009zz,
      editor         = "Voss, Rudiger and Breskin, Amos",
      title          = "{The CERN Large Hadron Collider, accelerator and
                        experiments}",
      url            = "http://www-spires.fnal.gov/spires/find/books/www?cl=QC787.P73C37::2009",
      year           = "2009",
      SLACcitation   = "%%CITATION = INSPIRE-873568;%%"
}

@article{Aad:2014zda,
      author         = "ATLAS Collaboration",
      title          = "{Evidence for Electroweak Production of
                        $W^{\pm}W^{\pm}jj$ in $pp$ Collisions at $\sqrt{s}=8$ TeV
                        with the ATLAS Detector}",
      collaboration  = "ATLAS",
      journal        = "Phys. Rev. Lett.",
      volume         = "113",
      year           = "2014",
      number         = "14",
      pages          = "141803",
      doi            = "10.1103/PhysRevLett.113.141803",
      eprint         = "1405.6241",
      archivePrefix  = "arXiv",
      primaryClass   = "hep-ex",
      reportNumber   = "CERN-PH-EP-2014-079",
      SLACcitation   = "%%CITATION = ARXIV:1405.6241;%%"
}

@article{Khachatryan:2014sta,
      author         = "CMS Collaboration",
      title          = "{Study of vector boson scattering and search for new
                        physics in events with two same-sign leptons and two
                        jets}",
      collaboration  = "CMS",
      journal        = "Phys. Rev. Lett.",
      volume         = "114",
      year           = "2015",
      number         = "5",
      pages          = "051801",
      doi            = "10.1103/PhysRevLett.114.051801",
      eprint         = "1410.6315",
      archivePrefix  = "arXiv",
      primaryClass   = "hep-ex",
      reportNumber   = "CMS-SMP-13-015, CERN-PH-EP-2014-250",
      SLACcitation   = "%%CITATION = ARXIV:1410.6315;%%"
}